<record><leader>00000cas a2200000 a 4500</leader><controlfield tag="001">9929751</controlfield><controlfield tag="008">830921d1938200unyuwn ne      0   a0eng c</controlfield><datafield ind1=" " ind2=" " tag="010"><subfield code="a">sn 83002819 </subfield></datafield><datafield ind1=" " ind2=" " tag="040"><subfield code="a">NSD</subfield><subfield code="b">eng</subfield><subfield code="c">NSD</subfield><subfield code="d">EBZ</subfield><subfield code="d">NSD</subfield><subfield code="d">NYS</subfield><subfield code="d">NSD</subfield><subfield code="d">OCLCQ</subfield><subfield code="d">OCLCF</subfield><subfield code="d">OCLCO</subfield></datafield><datafield ind1=" " ind2=" " tag="012"><subfield code="j">2</subfield><subfield code="l">1</subfield><subfield code="m">d</subfield></datafield><datafield ind1="1" ind2=" " tag="022"><subfield code="a">0740-2643</subfield><subfield code="l">0740-2643</subfield><subfield code="2">1</subfield></datafield><datafield ind1="1" ind2=" " tag="029"><subfield code="a">AU@</subfield><subfield code="b">000020416723</subfield></datafield><datafield ind1=" " ind2=" " tag="037"><subfield code="b">Suite 1-C, 57 Montague St., Brooklyn, NY 11201</subfield></datafield><datafield ind1=" " ind2=" " tag="042"><subfield code="a">nsdp</subfield><subfield code="a">pcc</subfield></datafield><datafield ind1=" " ind2=" " tag="043"><subfield code="a">n-us-ny</subfield></datafield><datafield ind1="0" ind2=" " tag="130"><subfield code="a">Brooklyn record (Brooklyn, New York, N.Y.)</subfield></datafield><datafield ind1=" " ind2="0" tag="222"><subfield code="a">Brooklyn record</subfield><subfield code="b">(Brooklyn, New York, N.Y.)</subfield></datafield><datafield ind1="1" ind2="0" tag="245"><subfield code="a">Brooklyn record.</subfield></datafield><datafield ind1="1" ind2="3" tag="246"><subfield code="a">Bay Ridge record</subfield></datafield><datafield ind1="1" ind2="3" tag="246"><subfield code="a">Flatbush record</subfield></datafield><datafield ind1=" " ind2=" " tag="260"><subfield code="a">Brooklyn [N.Y.] :</subfield><subfield code="b">Katherin S. Dixon,</subfield><subfield code="c">[1938-</subfield></datafield><datafield ind1=" " ind2=" " tag="310"><subfield code="a">Weekly (except Jan. &amp; first two week of Feb.),</subfield><subfield code="b">&lt;Apr. 9, 1993&gt;-</subfield></datafield><datafield ind1=" " ind2=" " tag="321"><subfield code="a">Weekly,</subfield><subfield code="b">&lt;Aug. 19, 1983&gt;-</subfield></datafield><datafield ind1="1" ind2=" " tag="362"><subfield code="a">Began in 1938.</subfield></datafield><datafield ind1=" " ind2=" " tag="500"><subfield code="a">Publisher: Halladore Pub., &lt;Apr. 9, 1993&gt;.</subfield></datafield><datafield ind1=" " ind2=" " tag="500"><subfield code="a">"Devoted to Brooklyn."</subfield></datafield><datafield ind1=" " ind2=" " tag="500"><subfield code="a">"Founded by Harry J. Dixon, Publisher and Editor, March 31, 1938-April 17, 1954."</subfield></datafield><datafield ind1=" " ind2=" " tag="588"><subfield code="a">Description based on: Vol. 25 no. 1262 (June 29, 1962).</subfield></datafield><datafield ind1=" " ind2=" " tag="588"><subfield code="a">Latest issue consulted: Vol. 56, no. 8 (Apr. 9, 1993).</subfield></datafield><datafield ind1=" " ind2="0" tag="651"><subfield code="a">Brooklyn (New York, N.Y.)</subfield><subfield code="v">Newspapers.</subfield></datafield><datafield ind1=" " ind2="0" tag="651"><subfield code="a">Kings County (N.Y.)</subfield><subfield code="v">Newspapers.</subfield></datafield><datafield ind1=" " ind2="0" tag="651"><subfield code="a">New York (N.Y.)</subfield><subfield code="v">Newspapers.</subfield></datafield><datafield ind1=" " ind2="7" tag="655"><subfield code="a">Newspapers.</subfield><subfield code="2">fast</subfield><subfield code="0">(OCoLC)fst01423814</subfield></datafield><datafield ind1=" " ind2="7" tag="651"><subfield code="a">New York (State)</subfield><subfield code="z">Kings County.</subfield><subfield code="2">fast</subfield><subfield code="0">(OCoLC)fst01220099</subfield></datafield><datafield ind1=" " ind2="7" tag="651"><subfield code="a">New York (State)</subfield><subfield code="z">New York.</subfield><subfield code="2">fast</subfield><subfield code="0">(OCoLC)fst01204333</subfield></datafield><datafield ind1=" " ind2="7" tag="651"><subfield code="a">New York (State)</subfield><subfield code="z">New York</subfield><subfield code="z">Brooklyn.</subfield><subfield code="2">fast</subfield><subfield code="0">(OCoLC)fst01312516</subfield></datafield><datafield ind1=" " ind2=" " tag="752"><subfield code="a">United States</subfield><subfield code="b">New York</subfield><subfield code="c">Kings</subfield><subfield code="d">Brooklyn (New York, N.Y.)</subfield></datafield><datafield ind1=" " ind2=" " tag="752"><subfield code="a">United States</subfield><subfield code="b">New York</subfield><subfield code="d">New York.</subfield></datafield><datafield ind1="0" ind2="0" tag="785"><subfield code="t">Brooklyn record of real estate</subfield><subfield code="x">1553-7676</subfield><subfield code="w">(DLC)  2004216355</subfield><subfield code="w">(OCoLC)57139100</subfield></datafield></record>